<collection xmlns="http://www.loc.gov/MARC21/slim">
<record>
  <leader>01152nam0a22002411i 450 </leader>
  <controlfield tag="001">IT\ICCU\CNCE\073569</controlfield>
  <controlfield tag="005">20081127000000.0</controlfield>
  <datafield tag="012" ind1=" " ind2=" ">
    <subfield code="a">7776 o.o- biom omne (3) 1542 (R)</subfield>
    <subfield code="2">fei</subfield>
  </datafield>
  <datafield tag="100" ind1=" " ind2=" ">
    <subfield code="a">20081127d1542        0itac0103    ba</subfield>
  </datafield>
  <datafield tag="101" ind1=" " ind2=" ">
    <subfield code="a">LAT</subfield>
  </datafield>
  <datafield tag="102" ind1=" " ind2=" ">
    <subfield code="a">IT</subfield>
  </datafield>
  <datafield tag="200" ind1="1" ind2=" ">
    <subfield code="a">Tractatus in l. unicam C. de his qui ante apertas tabulas auctore excellentissimo doctore Ioanne Antonio Rubeo Alexandrino iureconsulto Padue iuris ciuilis in prima sede interprete</subfield>
  </datafield>
  <datafield tag="210" ind1=" " ind2=" ">
    <subfield code="e">Venetiis</subfield>
    <subfield code="g">ex typis Cumini a Trino e regione diui Ioannis Chrysostomi commorantis</subfield>
    <subfield code="h">1542</subfield>
  </datafield>
  <datafield tag="215" ind1=" " ind2=" ">
    <subfield code="a">14 c.</subfield>
    <subfield code="c">ill.</subfield>
    <subfield code="d">fol</subfield>
  </datafield>
  <datafield tag="620" ind1=" " ind2=" ">
    <subfield code="a">IT</subfield>
    <subfield code="d">Venezia</subfield>
  </datafield>
  <datafield tag="700" ind1=" " ind2="1">
    <subfield code="a">De_Rossi,</subfield>
    <subfield code="b">Giovanni Antonio</subfield>
    <subfield code="3">IT\ICCU\CNCA\008719</subfield>
  </datafield>
  <datafield tag="712" ind1="0" ind2="2">
    <subfield code="a">Comin da Trino</subfield>
    <subfield code="3">IT\ICCU\CNCT\000112</subfield>
    <subfield code="4">650</subfield>
  </datafield>
  <datafield tag="790" ind1=" " ind2="1">
    <subfield code="a">Rubeus,</subfield>
    <subfield code="b">Iohannes Antonius : de</subfield>
    <subfield code="3">IT\ICCU\CNCA\016664</subfield>
    <subfield code="z">De_Rossi, Giovanni Antonio</subfield>
  </datafield>
  <datafield tag="790" ind1=" " ind2="1">
    <subfield code="a">Rossi,</subfield>
    <subfield code="b">Giovanni Antonio</subfield>
    <subfield code="3">IT\ICCU\CNCA\016679</subfield>
    <subfield code="z">De_Rossi, Giovanni Antonio</subfield>
  </datafield>
  <datafield tag="791" ind1="0" ind2="2">
    <subfield code="a">Cominus de Tridino</subfield>
    <subfield code="3">IT\ICCU\CNCT\004645</subfield>
    <subfield code="z">Comin da Trino</subfield>
  </datafield>
  <datafield tag="791" ind1="0" ind2="0">
    <subfield code="a">Trino, Comin</subfield>
    <subfield code="3">IT\ICCU\CNCT\004646</subfield>
    <subfield code="z">Comin da Trino</subfield>
  </datafield>
  <datafield tag="801" ind1=" " ind2="3">
    <subfield code="a">IT</subfield>
    <subfield code="b">ICCU</subfield>
    <subfield code="c">20201115</subfield>
  </datafield>
  <datafield tag="899" ind1=" " ind2=" ">
    <subfield code="a">Fondazione Biblioteca S. Bernardino. Trento</subfield>
    <subfield code="1">TN0122</subfield>
    <subfield code="2">ZTN 18</subfield>
  </datafield>
</record>
</collection>
